<record><leader>00000cas a22000007a 4500</leader><controlfield tag="001">17730085</controlfield><controlfield tag="008">880404d18931uuulauwr ne      0    0eng d</controlfield><datafield ind1=" " ind2=" " tag="010"><subfield code="a">sn 88064308 </subfield></datafield><datafield ind1=" " ind2=" " tag="040"><subfield code="a">LNP</subfield><subfield code="b">eng</subfield><subfield code="c">LNP</subfield><subfield code="d">OCLCQ</subfield></datafield><datafield ind1=" " ind2=" " tag="042"><subfield code="a">msc</subfield></datafield><datafield ind1="0" ind2=" " tag="130"><subfield code="a">Weekly news (Floyd, La.)</subfield></datafield><datafield ind1="1" ind2="0" tag="245"><subfield code="a">Weekly news.</subfield></datafield><datafield ind1=" " ind2=" " tag="260"><subfield code="a">Floyd, La. :</subfield><subfield code="b">P.W. Carney</subfield></datafield><datafield ind1=" " ind2=" " tag="310"><subfield code="a">Weekly</subfield></datafield><datafield ind1="1" ind2=" " tag="362"><subfield code="a">Began with July 17, 1893 issue.</subfield></datafield><datafield ind1=" " ind2=" " tag="588"><subfield code="a">Description based on: Vol. 5, no. 50 (May 24, 1895).</subfield></datafield><datafield ind1=" " ind2="4" tag="651"><subfield code="a">Floyd (La.)</subfield><subfield code="v">Newspapers.</subfield></datafield><datafield ind1=" " ind2=" " tag="752"><subfield code="a">United States</subfield><subfield code="b">Louisiana</subfield><subfield code="c">West Carroll</subfield><subfield code="d">Floyd.</subfield></datafield></record>